%YAML 1.1
%TAG !u! tag:unity3d.com,2011:
--- !u!29 &1
OcclusionCullingSettings:
  m_ObjectHideFlags: 0
  serializedVersion: 2
  m_OcclusionBakeSettings:
    smallestOccluder: 5
    smallestHole: 0.25
    backfaceThreshold: 100
  m_SceneGUID: 00000000000000000000000000000000
  m_OcclusionCullingData: {fileID: 0}
--- !u!104 &2
RenderSettings:
  m_ObjectHideFlags: 0
  serializedVersion: 9
  m_Fog: 0
  m_FogColor: {r: 0.5, g: 0.5, b: 0.5, a: 1}
  m_FogMode: 3
  m_FogDensity: 0.01
  m_LinearFogStart: 0
  m_LinearFogEnd: 300
  m_AmbientSkyColor: {r: 0.212, g: 0.227, b: 0.259, a: 1}
  m_AmbientEquatorColor: {r: 0.114, g: 0.125, b: 0.133, a: 1}
  m_AmbientGroundColor: {r: 0.047, g: 0.043, b: 0.035, a: 1}
  m_AmbientIntensity: 1
  m_AmbientMode: 0
  m_SubtractiveShadowColor: {r: 0.42, g: 0.478, b: 0.627, a: 1}
  m_SkyboxMaterial: {fileID: 10304, guid: 0000000000000000f000000000000000, type: 0}
  m_HaloStrength: 0.5
  m_FlareStrength: 1
  m_FlareFadeSpeed: 3
  m_HaloTexture: {fileID: 0}
  m_SpotCookie: {fileID: 10001, guid: 0000000000000000e000000000000000, type: 0}
  m_DefaultReflectionMode: 0
  m_DefaultReflectionResolution: 128
  m_ReflectionBounces: 1
  m_ReflectionIntensity: 1
  m_CustomReflection: {fileID: 0}
  m_Sun: {fileID: 705507994}
  m_IndirectSpecularColor: {r: 0.4374898, g: 0.48531306, b: 0.56558794, a: 1}
  m_UseRadianceAmbientProbe: 0
--- !u!157 &3
LightmapSettings:
  m_ObjectHideFlags: 0
  serializedVersion: 12
  m_GIWorkflowMode: 1
  m_GISettings:
    serializedVersion: 2
    m_BounceScale: 1
    m_IndirectOutputScale: 1
    m_AlbedoBoost: 1
    m_EnvironmentLightingMode: 0
    m_EnableBakedLightmaps: 1
    m_EnableRealtimeLightmaps: 0
  m_LightmapEditorSettings:
    serializedVersion: 12
    m_Resolution: 2
    m_BakeResolution: 40
    m_AtlasSize: 1024
    m_AO: 0
    m_AOMaxDistance: 1
    m_CompAOExponent: 1
    m_CompAOExponentDirect: 0
    m_ExtractAmbientOcclusion: 0
    m_Padding: 2
    m_LightmapParameters: {fileID: 0}
    m_LightmapsBakeMode: 1
    m_TextureCompression: 1
    m_FinalGather: 0
    m_FinalGatherFiltering: 1
    m_FinalGatherRayCount: 256
    m_ReflectionCompression: 2
    m_MixedBakeMode: 2
    m_BakeBackend: 1
    m_PVRSampling: 1
    m_PVRDirectSampleCount: 32
    m_PVRSampleCount: 500
    m_PVRBounces: 2
    m_PVREnvironmentSampleCount: 500
    m_PVREnvironmentReferencePointCount: 2048
    m_PVRFilteringMode: 2
    m_PVRDenoiserTypeDirect: 0
    m_PVRDenoiserTypeIndirect: 0
    m_PVRDenoiserTypeAO: 0
    m_PVRFilterTypeDirect: 0
    m_PVRFilterTypeIndirect: 0
    m_PVRFilterTypeAO: 0
    m_PVREnvironmentMIS: 0
    m_PVRCulling: 1
    m_PVRFilteringGaussRadiusDirect: 1
    m_PVRFilteringGaussRadiusIndirect: 5
    m_PVRFilteringGaussRadiusAO: 2
    m_PVRFilteringAtrousPositionSigmaDirect: 0.5
    m_PVRFilteringAtrousPositionSigmaIndirect: 2
    m_PVRFilteringAtrousPositionSigmaAO: 1
    m_ExportTrainingData: 0
    m_TrainingDataDestination: TrainingData
    m_LightProbeSampleCountMultiplier: 4
  m_LightingDataAsset: {fileID: 112000000, guid: 05708e1d61312004bbd5f6e7284c7e84, type: 2}
  m_LightingSettings: {fileID: 0}
--- !u!196 &4
NavMeshSettings:
  serializedVersion: 2
  m_ObjectHideFlags: 0
  m_BuildSettings:
    serializedVersion: 2
    agentTypeID: 0
    agentRadius: 0.5
    agentHeight: 2
    agentSlope: 45
    agentClimb: 0.4
    ledgeDropHeight: 0
    maxJumpAcrossDistance: 0
    minRegionArea: 2
    manualCellSize: 0
    cellSize: 0.16666667
    manualTileSize: 0
    tileSize: 256
    accuratePlacement: 0
    maxJobWorkers: 0
    preserveTilesOutsideBounds: 0
    debug:
      m_Flags: 0
  m_NavMeshData: {fileID: 23800000, guid: 25f61c9582c09ae469672e837900a89d, type: 2}
--- !u!4 &133263742 stripped
Transform:
  m_CorrespondingSourceObject: {fileID: 6847262435516292466, guid: e09b493c61b4ab540bf7aa52fdad9d8d, type: 3}
  m_PrefabInstance: {fileID: 7451457938626180303}
  m_PrefabAsset: {fileID: 0}
--- !u!114 &482541444 stripped
MonoBehaviour:
  m_CorrespondingSourceObject: {fileID: 421332166643911354, guid: 7398ed5f5742b944d9e1b3d72e98380c, type: 3}
  m_PrefabInstance: {fileID: 4023650234787290912}
  m_PrefabAsset: {fileID: 0}
  m_GameObject: {fileID: 0}
  m_Enabled: 1
  m_EditorHideFlags: 0
  m_Script: {fileID: 11500000, guid: f5dc88050846149d8bec5766973d1d09, type: 3}
  m_Name: 
  m_EditorClassIdentifier: 
--- !u!20 &558812950 stripped
Camera:
  m_CorrespondingSourceObject: {fileID: 6189551186375086621, guid: 87ed8e986658a2f43aeaa3d522fa266d, type: 3}
  m_PrefabInstance: {fileID: 3881472853164093679}
  m_PrefabAsset: {fileID: 0}
--- !u!1 &640318246
GameObject:
  m_ObjectHideFlags: 0
  m_CorrespondingSourceObject: {fileID: 0}
  m_PrefabInstance: {fileID: 0}
  m_PrefabAsset: {fileID: 0}
  serializedVersion: 6
  m_Component:
  - component: {fileID: 640318247}
  m_Layer: 0
  m_Name: IngredientLandingZoneScale
  m_TagString: Untagged
  m_Icon: {fileID: 0}
  m_NavMeshLayer: 0
  m_StaticEditorFlags: 0
  m_IsActive: 1
--- !u!4 &640318247
Transform:
  m_ObjectHideFlags: 0
  m_CorrespondingSourceObject: {fileID: 0}
  m_PrefabInstance: {fileID: 0}
  m_PrefabAsset: {fileID: 0}
  m_GameObject: {fileID: 640318246}
  m_LocalRotation: {x: 0, y: 0, z: 0, w: 1}
  m_LocalPosition: {x: 0, y: 0, z: 0}
  m_LocalScale: {x: 0.3, y: 1, z: 0.3}
  m_Children:
  - {fileID: 1257503559}
  m_Father: {fileID: 0}
  m_RootOrder: 13
  m_LocalEulerAnglesHint: {x: 0, y: 0, z: 0}
--- !u!1 &705507993
GameObject:
  m_ObjectHideFlags: 0
  m_CorrespondingSourceObject: {fileID: 0}
  m_PrefabInstance: {fileID: 0}
  m_PrefabAsset: {fileID: 0}
  serializedVersion: 6
  m_Component:
  - component: {fileID: 705507995}
  - component: {fileID: 705507994}
  m_Layer: 0
  m_Name: Directional Light
  m_TagString: Untagged
  m_Icon: {fileID: 0}
  m_NavMeshLayer: 0
  m_StaticEditorFlags: 0
  m_IsActive: 1
--- !u!108 &705507994
Light:
  m_ObjectHideFlags: 0
  m_CorrespondingSourceObject: {fileID: 0}
  m_PrefabInstance: {fileID: 0}
  m_PrefabAsset: {fileID: 0}
  m_GameObject: {fileID: 705507993}
  m_Enabled: 1
  serializedVersion: 10
  m_Type: 1
  m_Shape: 0
  m_Color: {r: 1, g: 0.95686275, b: 0.8392157, a: 1}
  m_Intensity: 1
  m_Range: 50
  m_SpotAngle: 30
  m_InnerSpotAngle: 21.80208
  m_CookieSize: 10
  m_Shadows:
    m_Type: 2
    m_Resolution: -1
    m_CustomResolution: -1
    m_Strength: 1
    m_Bias: 0.05
    m_NormalBias: 0.4
    m_NearPlane: 0.2
    m_CullingMatrixOverride:
      e00: 1
      e01: 0
      e02: 0
      e03: 0
      e10: 0
      e11: 1
      e12: 0
      e13: 0
      e20: 0
      e21: 0
      e22: 1
      e23: 0
      e30: 0
      e31: 0
      e32: 0
      e33: 1
    m_UseCullingMatrixOverride: 0
  m_Cookie: {fileID: 0}
  m_DrawHalo: 0
  m_Flare: {fileID: 0}
  m_RenderMode: 0
  m_CullingMask:
    serializedVersion: 2
    m_Bits: 4294967295
  m_RenderingLayerMask: 1
  m_Lightmapping: 1
  m_LightShadowCasterMode: 0
  m_AreaSize: {x: 1, y: 1}
  m_BounceIntensity: 1
  m_ColorTemperature: 6570
  m_UseColorTemperature: 0
  m_BoundingSphereOverride: {x: 0, y: 0, z: 0, w: 0}
  m_UseBoundingSphereOverride: 0
  m_UseViewFrustumForShadowCasterCull: 1
  m_ShadowRadius: 0
  m_ShadowAngle: 0
--- !u!4 &705507995
Transform:
  m_ObjectHideFlags: 0
  m_CorrespondingSourceObject: {fileID: 0}
  m_PrefabInstance: {fileID: 0}
  m_PrefabAsset: {fileID: 0}
  m_GameObject: {fileID: 705507993}
  m_LocalRotation: {x: 0.62088513, y: -0.19826688, z: 0.16636564, w: 0.7399422}
  m_LocalPosition: {x: 0, y: 10, z: 0}
  m_LocalScale: {x: 1, y: 1, z: 1}
  m_Children: []
  m_Father: {fileID: 0}
  m_RootOrder: 0
  m_LocalEulerAnglesHint: {x: 80, y: -30, z: 0}
--- !u!114 &842032037 stripped
MonoBehaviour:
  m_CorrespondingSourceObject: {fileID: 421332167020451483, guid: 7398ed5f5742b944d9e1b3d72e98380c, type: 3}
  m_PrefabInstance: {fileID: 4023650234787290912}
  m_PrefabAsset: {fileID: 0}
  m_GameObject: {fileID: 0}
  m_Enabled: 1
  m_EditorHideFlags: 0
  m_Script: {fileID: 11500000, guid: 9e8817e7bcaf641b3ab4edf49a77da43, type: 3}
  m_Name: 
  m_EditorClassIdentifier: 
--- !u!114 &895134041 stripped
MonoBehaviour:
  m_CorrespondingSourceObject: {fileID: 5378899490030722368, guid: 28560b22362117e41b235bae731a86ab, type: 3}
  m_PrefabInstance: {fileID: 5378899490353800258}
  m_PrefabAsset: {fileID: 0}
  m_GameObject: {fileID: 0}
  m_Enabled: 1
  m_EditorHideFlags: 0
  m_Script: {fileID: 11500000, guid: 46a655898a05f79409ff133ea3ef5ee5, type: 3}
  m_Name: 
  m_EditorClassIdentifier: 
--- !u!114 &1233709291 stripped
MonoBehaviour:
  m_CorrespondingSourceObject: {fileID: 421332167898668501, guid: 7398ed5f5742b944d9e1b3d72e98380c, type: 3}
  m_PrefabInstance: {fileID: 4023650234787290912}
  m_PrefabAsset: {fileID: 0}
  m_GameObject: {fileID: 0}
  m_Enabled: 1
  m_EditorHideFlags: 0
  m_Script: {fileID: 11500000, guid: dbd03f09d39344328950e420dd0eae26, type: 3}
  m_Name: 
  m_EditorClassIdentifier: 
--- !u!1 &1257503555
GameObject:
  m_ObjectHideFlags: 0
  m_CorrespondingSourceObject: {fileID: 0}
  m_PrefabInstance: {fileID: 0}
  m_PrefabAsset: {fileID: 0}
  serializedVersion: 6
  m_Component:
  - component: {fileID: 1257503559}
  - component: {fileID: 1257503558}
  - component: {fileID: 1257503557}
  - component: {fileID: 1257503556}
  m_Layer: 0
  m_Name: IngredientLandingZone
  m_TagString: Untagged
  m_Icon: {fileID: 0}
  m_NavMeshLayer: 0
  m_StaticEditorFlags: 0
  m_IsActive: 1
--- !u!64 &1257503556
MeshCollider:
  m_ObjectHideFlags: 0
  m_CorrespondingSourceObject: {fileID: 0}
  m_PrefabInstance: {fileID: 0}
  m_PrefabAsset: {fileID: 0}
  m_GameObject: {fileID: 1257503555}
  m_Material: {fileID: 0}
  m_IsTrigger: 0
  m_Enabled: 0
  serializedVersion: 4
  m_Convex: 0
  m_CookingOptions: 30
  m_Mesh: {fileID: 10210, guid: 0000000000000000e000000000000000, type: 0}
--- !u!23 &1257503557
MeshRenderer:
  m_ObjectHideFlags: 0
  m_CorrespondingSourceObject: {fileID: 0}
  m_PrefabInstance: {fileID: 0}
  m_PrefabAsset: {fileID: 0}
  m_GameObject: {fileID: 1257503555}
  m_Enabled: 0
  m_CastShadows: 1
  m_ReceiveShadows: 1
  m_DynamicOccludee: 1
  m_StaticShadowCaster: 0
  m_MotionVectors: 1
  m_LightProbeUsage: 1
  m_ReflectionProbeUsage: 1
  m_RayTracingMode: 2
  m_RayTraceProcedural: 0
  m_RenderingLayerMask: 1
  m_RendererPriority: 0
  m_Materials:
  - {fileID: 10303, guid: 0000000000000000f000000000000000, type: 0}
  m_StaticBatchInfo:
    firstSubMesh: 0
    subMeshCount: 0
  m_StaticBatchRoot: {fileID: 0}
  m_ProbeAnchor: {fileID: 0}
  m_LightProbeVolumeOverride: {fileID: 0}
  m_ScaleInLightmap: 1
  m_ReceiveGI: 1
  m_PreserveUVs: 0
  m_IgnoreNormalsForChartDetection: 0
  m_ImportantGI: 0
  m_StitchLightmapSeams: 1
  m_SelectedEditorRenderState: 3
  m_MinimumChartSize: 4
  m_AutoUVMaxDistance: 0.5
  m_AutoUVMaxAngle: 89
  m_LightmapParameters: {fileID: 0}
  m_SortingLayerID: 0
  m_SortingLayer: 0
  m_SortingOrder: 0
  m_AdditionalVertexStreams: {fileID: 0}
--- !u!33 &1257503558
MeshFilter:
  m_ObjectHideFlags: 0
  m_CorrespondingSourceObject: {fileID: 0}
  m_PrefabInstance: {fileID: 0}
  m_PrefabAsset: {fileID: 0}
  m_GameObject: {fileID: 1257503555}
  m_Mesh: {fileID: 10210, guid: 0000000000000000e000000000000000, type: 0}
--- !u!4 &1257503559
Transform:
  m_ObjectHideFlags: 0
  m_CorrespondingSourceObject: {fileID: 0}
  m_PrefabInstance: {fileID: 0}
  m_PrefabAsset: {fileID: 0}
  m_GameObject: {fileID: 1257503555}
  m_LocalRotation: {x: 0.7071068, y: -0, z: -0, w: 0.7071068}
  m_LocalPosition: {x: 0, y: 0, z: -0.63}
  m_LocalScale: {x: 8, y: 4, z: 1}
  m_Children: []
  m_Father: {fileID: 640318247}
  m_RootOrder: 0
  m_LocalEulerAnglesHint: {x: 90, y: 0, z: 0}
--- !u!114 &1350304942 stripped
MonoBehaviour:
  m_CorrespondingSourceObject: {fileID: 421332167528771984, guid: 7398ed5f5742b944d9e1b3d72e98380c, type: 3}
  m_PrefabInstance: {fileID: 4023650234787290912}
  m_PrefabAsset: {fileID: 0}
  m_GameObject: {fileID: 0}
  m_Enabled: 1
  m_EditorHideFlags: 0
  m_Script: {fileID: 11500000, guid: 9e8817e7bcaf641b3ab4edf49a77da43, type: 3}
  m_Name: 
  m_EditorClassIdentifier: 
--- !u!1 &1395666509
GameObject:
  m_ObjectHideFlags: 0
  m_CorrespondingSourceObject: {fileID: 0}
  m_PrefabInstance: {fileID: 0}
  m_PrefabAsset: {fileID: 0}
  serializedVersion: 6
  m_Component:
  - component: {fileID: 1395666512}
  - component: {fileID: 1395666511}
  - component: {fileID: 1395666510}
  m_Layer: 0
  m_Name: EventSystem
  m_TagString: Untagged
  m_Icon: {fileID: 0}
  m_NavMeshLayer: 0
  m_StaticEditorFlags: 0
  m_IsActive: 1
--- !u!114 &1395666510
MonoBehaviour:
  m_ObjectHideFlags: 0
  m_CorrespondingSourceObject: {fileID: 0}
  m_PrefabInstance: {fileID: 0}
  m_PrefabAsset: {fileID: 0}
  m_GameObject: {fileID: 1395666509}
  m_Enabled: 1
  m_EditorHideFlags: 0
  m_Script: {fileID: 11500000, guid: 4f231c4fb786f3946a6b90b886c48677, type: 3}
  m_Name: 
  m_EditorClassIdentifier: 
  m_HorizontalAxis: Horizontal
  m_VerticalAxis: Vertical
  m_SubmitButton: Submit
  m_CancelButton: Cancel
  m_InputActionsPerSecond: 10
  m_RepeatDelay: 0.5
  m_ForceModuleActive: 0
--- !u!114 &1395666511
MonoBehaviour:
  m_ObjectHideFlags: 0
  m_CorrespondingSourceObject: {fileID: 0}
  m_PrefabInstance: {fileID: 0}
  m_PrefabAsset: {fileID: 0}
  m_GameObject: {fileID: 1395666509}
  m_Enabled: 1
  m_EditorHideFlags: 0
  m_Script: {fileID: 11500000, guid: 76c392e42b5098c458856cdf6ecaaaa1, type: 3}
  m_Name: 
  m_EditorClassIdentifier: 
  m_FirstSelected: {fileID: 0}
  m_sendNavigationEvents: 1
  m_DragThreshold: 10
--- !u!4 &1395666512
Transform:
  m_ObjectHideFlags: 0
  m_CorrespondingSourceObject: {fileID: 0}
  m_PrefabInstance: {fileID: 0}
  m_PrefabAsset: {fileID: 0}
  m_GameObject: {fileID: 1395666509}
  m_LocalRotation: {x: 0, y: 0, z: 0, w: 1}
  m_LocalPosition: {x: 0, y: 0, z: 0}
  m_LocalScale: {x: 1, y: 1, z: 1}
  m_Children: []
  m_Father: {fileID: 0}
  m_RootOrder: 7
  m_LocalEulerAnglesHint: {x: 0, y: 0, z: 0}
--- !u!1 &1411870853
GameObject:
  m_ObjectHideFlags: 0
  m_CorrespondingSourceObject: {fileID: 0}
  m_PrefabInstance: {fileID: 0}
  m_PrefabAsset: {fileID: 0}
  serializedVersion: 6
  m_Component:
  - component: {fileID: 1411870857}
  - component: {fileID: 1411870856}
  - component: {fileID: 1411870855}
  - component: {fileID: 1411870854}
  m_Layer: 0
  m_Name: FoodCatcher
  m_TagString: Untagged
  m_Icon: {fileID: 0}
  m_NavMeshLayer: 0
  m_StaticEditorFlags: 0
  m_IsActive: 1
--- !u!114 &1411870854
MonoBehaviour:
  m_ObjectHideFlags: 0
  m_CorrespondingSourceObject: {fileID: 0}
  m_PrefabInstance: {fileID: 0}
  m_PrefabAsset: {fileID: 0}
  m_GameObject: {fileID: 1411870853}
  m_Enabled: 1
  m_EditorHideFlags: 0
  m_Script: {fileID: 11500000, guid: 8c4944b0099b04608a9572f81ab98d46, type: 3}
  m_Name: 
  m_EditorClassIdentifier: 
--- !u!54 &1411870855
Rigidbody:
  m_ObjectHideFlags: 0
  m_CorrespondingSourceObject: {fileID: 0}
  m_PrefabInstance: {fileID: 0}
  m_PrefabAsset: {fileID: 0}
  m_GameObject: {fileID: 1411870853}
  serializedVersion: 2
  m_Mass: 1
  m_Drag: 0
  m_AngularDrag: 0.05
  m_UseGravity: 0
  m_IsKinematic: 0
  m_Interpolate: 0
  m_Constraints: 126
  m_CollisionDetection: 0
--- !u!65 &1411870856
BoxCollider:
  m_ObjectHideFlags: 0
  m_CorrespondingSourceObject: {fileID: 0}
  m_PrefabInstance: {fileID: 0}
  m_PrefabAsset: {fileID: 0}
  m_GameObject: {fileID: 1411870853}
  m_Material: {fileID: 0}
  m_IsTrigger: 1
  m_Enabled: 1
  serializedVersion: 2
  m_Size: {x: 100, y: 1, z: 100}
  m_Center: {x: 0, y: 0, z: 0}
--- !u!4 &1411870857
Transform:
  m_ObjectHideFlags: 0
  m_CorrespondingSourceObject: {fileID: 0}
  m_PrefabInstance: {fileID: 0}
  m_PrefabAsset: {fileID: 0}
  m_GameObject: {fileID: 1411870853}
  m_LocalRotation: {x: 0, y: 0, z: 0, w: 1}
  m_LocalPosition: {x: 0, y: -4.8, z: 0}
  m_LocalScale: {x: 1, y: 1, z: 1}
  m_Children: []
  m_Father: {fileID: 0}
  m_RootOrder: 10
  m_LocalEulerAnglesHint: {x: 0, y: 0, z: 0}
--- !u!1001 &1460566729
PrefabInstance:
  m_ObjectHideFlags: 0
  serializedVersion: 2
  m_Modification:
    m_TransformParent: {fileID: 0}
    m_Modifications:
    - target: {fileID: 5845262705666671295, guid: d0746708cf463dd44a8d16a6e1d9b402, type: 3}
      propertyPath: m_RootOrder
      value: 11
      objectReference: {fileID: 0}
    - target: {fileID: 5845262705666671295, guid: d0746708cf463dd44a8d16a6e1d9b402, type: 3}
      propertyPath: m_LocalPosition.x
      value: 0
      objectReference: {fileID: 0}
    - target: {fileID: 5845262705666671295, guid: d0746708cf463dd44a8d16a6e1d9b402, type: 3}
      propertyPath: m_LocalPosition.y
      value: 5.750275
      objectReference: {fileID: 0}
    - target: {fileID: 5845262705666671295, guid: d0746708cf463dd44a8d16a6e1d9b402, type: 3}
      propertyPath: m_LocalPosition.z
      value: 0
      objectReference: {fileID: 0}
    - target: {fileID: 5845262705666671295, guid: d0746708cf463dd44a8d16a6e1d9b402, type: 3}
      propertyPath: m_LocalRotation.w
      value: 0.7071068
      objectReference: {fileID: 0}
    - target: {fileID: 5845262705666671295, guid: d0746708cf463dd44a8d16a6e1d9b402, type: 3}
      propertyPath: m_LocalRotation.x
      value: 0.7071068
      objectReference: {fileID: 0}
    - target: {fileID: 5845262705666671295, guid: d0746708cf463dd44a8d16a6e1d9b402, type: 3}
      propertyPath: m_LocalRotation.y
      value: 0
      objectReference: {fileID: 0}
    - target: {fileID: 5845262705666671295, guid: d0746708cf463dd44a8d16a6e1d9b402, type: 3}
      propertyPath: m_LocalRotation.z
      value: 0
      objectReference: {fileID: 0}
    - target: {fileID: 5845262705666671295, guid: d0746708cf463dd44a8d16a6e1d9b402, type: 3}
      propertyPath: m_LocalEulerAnglesHint.x
      value: 90
      objectReference: {fileID: 0}
    - target: {fileID: 5845262705666671295, guid: d0746708cf463dd44a8d16a6e1d9b402, type: 3}
      propertyPath: m_LocalEulerAnglesHint.y
      value: 0
      objectReference: {fileID: 0}
    - target: {fileID: 5845262705666671295, guid: d0746708cf463dd44a8d16a6e1d9b402, type: 3}
      propertyPath: m_LocalEulerAnglesHint.z
      value: 0
      objectReference: {fileID: 0}
    - target: {fileID: 8925247884469150007, guid: d0746708cf463dd44a8d16a6e1d9b402, type: 3}
      propertyPath: m_Name
      value: ChaChingParticles
      objectReference: {fileID: 0}
    m_RemovedComponents: []
  m_SourcePrefab: {fileID: 100100000, guid: d0746708cf463dd44a8d16a6e1d9b402, type: 3}
--- !u!198 &1460566730 stripped
ParticleSystem:
  m_CorrespondingSourceObject: {fileID: 7627887408518733255, guid: d0746708cf463dd44a8d16a6e1d9b402, type: 3}
  m_PrefabInstance: {fileID: 1460566729}
  m_PrefabAsset: {fileID: 0}
--- !u!114 &1853145115 stripped
MonoBehaviour:
  m_CorrespondingSourceObject: {fileID: 421332168568452389, guid: 7398ed5f5742b944d9e1b3d72e98380c, type: 3}
  m_PrefabInstance: {fileID: 4023650234787290912}
  m_PrefabAsset: {fileID: 0}
  m_GameObject: {fileID: 0}
  m_Enabled: 1
  m_EditorHideFlags: 0
  m_Script: {fileID: 11500000, guid: 1b5bb0965d6e5402c95343e148643176, type: 3}
  m_Name: 
  m_EditorClassIdentifier: 
--- !u!1001 &629972946152345345
PrefabInstance:
  m_ObjectHideFlags: 0
  serializedVersion: 2
  m_Modification:
    m_TransformParent: {fileID: 0}
    m_Modifications:
    - target: {fileID: 629972947433015894, guid: c329d8c1228825d4fabcaea939c0ba6f, type: 3}
      propertyPath: m_Name
      value: Environment
      objectReference: {fileID: 0}
    - target: {fileID: 629972947433015897, guid: c329d8c1228825d4fabcaea939c0ba6f, type: 3}
      propertyPath: m_RootOrder
      value: 2
      objectReference: {fileID: 0}
    - target: {fileID: 629972947433015897, guid: c329d8c1228825d4fabcaea939c0ba6f, type: 3}
      propertyPath: m_LocalPosition.x
      value: 0
      objectReference: {fileID: 0}
    - target: {fileID: 629972947433015897, guid: c329d8c1228825d4fabcaea939c0ba6f, type: 3}
      propertyPath: m_LocalPosition.y
      value: 0
      objectReference: {fileID: 0}
    - target: {fileID: 629972947433015897, guid: c329d8c1228825d4fabcaea939c0ba6f, type: 3}
      propertyPath: m_LocalPosition.z
      value: 0
      objectReference: {fileID: 0}
    - target: {fileID: 629972947433015897, guid: c329d8c1228825d4fabcaea939c0ba6f, type: 3}
      propertyPath: m_LocalRotation.w
      value: 1
      objectReference: {fileID: 0}
    - target: {fileID: 629972947433015897, guid: c329d8c1228825d4fabcaea939c0ba6f, type: 3}
      propertyPath: m_LocalRotation.x
      value: 0
      objectReference: {fileID: 0}
    - target: {fileID: 629972947433015897, guid: c329d8c1228825d4fabcaea939c0ba6f, type: 3}
      propertyPath: m_LocalRotation.y
      value: 0
      objectReference: {fileID: 0}
    - target: {fileID: 629972947433015897, guid: c329d8c1228825d4fabcaea939c0ba6f, type: 3}
      propertyPath: m_LocalRotation.z
      value: 0
      objectReference: {fileID: 0}
    - target: {fileID: 629972947433015897, guid: c329d8c1228825d4fabcaea939c0ba6f, type: 3}
      propertyPath: m_LocalEulerAnglesHint.x
      value: 0
      objectReference: {fileID: 0}
    - target: {fileID: 629972947433015897, guid: c329d8c1228825d4fabcaea939c0ba6f, type: 3}
      propertyPath: m_LocalEulerAnglesHint.y
      value: 0
      objectReference: {fileID: 0}
    - target: {fileID: 629972947433015897, guid: c329d8c1228825d4fabcaea939c0ba6f, type: 3}
      propertyPath: m_LocalEulerAnglesHint.z
      value: 0
      objectReference: {fileID: 0}
    - target: {fileID: 1255511620317159959, guid: c329d8c1228825d4fabcaea939c0ba6f, type: 3}
      propertyPath: m_LocalPosition.y
      value: -0.18
      objectReference: {fileID: 0}
    - target: {fileID: 5512010274628375326, guid: c329d8c1228825d4fabcaea939c0ba6f, type: 3}
      propertyPath: m_LocalPosition.y
      value: -0.18
      objectReference: {fileID: 0}
    m_RemovedComponents: []
  m_SourcePrefab: {fileID: 100100000, guid: c329d8c1228825d4fabcaea939c0ba6f, type: 3}
--- !u!1001 &857892070753705637
PrefabInstance:
  m_ObjectHideFlags: 0
  serializedVersion: 2
  m_Modification:
    m_TransformParent: {fileID: 0}
    m_Modifications:
    - target: {fileID: 1857900160406924888, guid: 2e3ed9e7bc3ec9642872279f9938ffa8, type: 3}
      propertyPath: m_RootOrder
      value: 12
      objectReference: {fileID: 0}
    - target: {fileID: 1857900160406924888, guid: 2e3ed9e7bc3ec9642872279f9938ffa8, type: 3}
      propertyPath: m_LocalPosition.x
      value: 0
      objectReference: {fileID: 0}
    - target: {fileID: 1857900160406924888, guid: 2e3ed9e7bc3ec9642872279f9938ffa8, type: 3}
      propertyPath: m_LocalPosition.y
      value: 0
      objectReference: {fileID: 0}
    - target: {fileID: 1857900160406924888, guid: 2e3ed9e7bc3ec9642872279f9938ffa8, type: 3}
      propertyPath: m_LocalPosition.z
      value: 0.58
      objectReference: {fileID: 0}
    - target: {fileID: 1857900160406924888, guid: 2e3ed9e7bc3ec9642872279f9938ffa8, type: 3}
      propertyPath: m_LocalRotation.w
      value: 1
      objectReference: {fileID: 0}
    - target: {fileID: 1857900160406924888, guid: 2e3ed9e7bc3ec9642872279f9938ffa8, type: 3}
      propertyPath: m_LocalRotation.x
      value: -0
      objectReference: {fileID: 0}
    - target: {fileID: 1857900160406924888, guid: 2e3ed9e7bc3ec9642872279f9938ffa8, type: 3}
      propertyPath: m_LocalRotation.y
      value: -0
      objectReference: {fileID: 0}
    - target: {fileID: 1857900160406924888, guid: 2e3ed9e7bc3ec9642872279f9938ffa8, type: 3}
      propertyPath: m_LocalRotation.z
      value: -0
      objectReference: {fileID: 0}
    - target: {fileID: 1857900160406924888, guid: 2e3ed9e7bc3ec9642872279f9938ffa8, type: 3}
      propertyPath: m_LocalEulerAnglesHint.x
      value: 0
      objectReference: {fileID: 0}
    - target: {fileID: 1857900160406924888, guid: 2e3ed9e7bc3ec9642872279f9938ffa8, type: 3}
      propertyPath: m_LocalEulerAnglesHint.y
      value: 0
      objectReference: {fileID: 0}
    - target: {fileID: 1857900160406924888, guid: 2e3ed9e7bc3ec9642872279f9938ffa8, type: 3}
      propertyPath: m_LocalEulerAnglesHint.z
      value: 0
      objectReference: {fileID: 0}
    - target: {fileID: 1857900160406924889, guid: 2e3ed9e7bc3ec9642872279f9938ffa8, type: 3}
      propertyPath: m_Name
      value: NPC Controller
      objectReference: {fileID: 0}
    m_RemovedComponents: []
  m_SourcePrefab: {fileID: 100100000, guid: 2e3ed9e7bc3ec9642872279f9938ffa8, type: 3}
--- !u!114 &857892070753705638 stripped
MonoBehaviour:
  m_CorrespondingSourceObject: {fileID: 857892071145200473, guid: 2e3ed9e7bc3ec9642872279f9938ffa8, type: 3}
  m_PrefabInstance: {fileID: 857892070753705637}
  m_PrefabAsset: {fileID: 0}
  m_GameObject: {fileID: 0}
  m_Enabled: 1
  m_EditorHideFlags: 0
  m_Script: {fileID: 11500000, guid: 00694d03a6af3324abd81b0671228506, type: 3}
  m_Name: 
  m_EditorClassIdentifier: 
--- !u!1001 &1844795653162078877
PrefabInstance:
  m_ObjectHideFlags: 0
  serializedVersion: 2
  m_Modification:
    m_TransformParent: {fileID: 0}
    m_Modifications:
    - target: {fileID: 5003437379661623521, guid: 950fa34271791124189cd4d31738fc3d, type: 3}
      propertyPath: m_Name
      value: Plate Group
      objectReference: {fileID: 0}
    - target: {fileID: 6518110134184901948, guid: 950fa34271791124189cd4d31738fc3d, type: 3}
      propertyPath: m_Sources.Array.data[0].sourceTransform
      value: 
      objectReference: {fileID: 133263742}
    - target: {fileID: 9186817464977815025, guid: 950fa34271791124189cd4d31738fc3d, type: 3}
      propertyPath: m_RootOrder
      value: 3
      objectReference: {fileID: 0}
    - target: {fileID: 9186817464977815025, guid: 950fa34271791124189cd4d31738fc3d, type: 3}
      propertyPath: m_LocalPosition.x
      value: 0
      objectReference: {fileID: 0}
    - target: {fileID: 9186817464977815025, guid: 950fa34271791124189cd4d31738fc3d, type: 3}
      propertyPath: m_LocalPosition.y
      value: 0.7930001
      objectReference: {fileID: 0}
    - target: {fileID: 9186817464977815025, guid: 950fa34271791124189cd4d31738fc3d, type: 3}
      propertyPath: m_LocalPosition.z
      value: -0.7801654
      objectReference: {fileID: 0}
    - target: {fileID: 9186817464977815025, guid: 950fa34271791124189cd4d31738fc3d, type: 3}
      propertyPath: m_LocalRotation.w
      value: 0
      objectReference: {fileID: 0}
    - target: {fileID: 9186817464977815025, guid: 950fa34271791124189cd4d31738fc3d, type: 3}
      propertyPath: m_LocalRotation.x
      value: -0
      objectReference: {fileID: 0}
    - target: {fileID: 9186817464977815025, guid: 950fa34271791124189cd4d31738fc3d, type: 3}
      propertyPath: m_LocalRotation.y
      value: 0.7071068
      objectReference: {fileID: 0}
    - target: {fileID: 9186817464977815025, guid: 950fa34271791124189cd4d31738fc3d, type: 3}
      propertyPath: m_LocalRotation.z
      value: -0.7071068
      objectReference: {fileID: 0}
    - target: {fileID: 9186817464977815025, guid: 950fa34271791124189cd4d31738fc3d, type: 3}
      propertyPath: m_LocalEulerAnglesHint.x
      value: 90
      objectReference: {fileID: 0}
    - target: {fileID: 9186817464977815025, guid: 950fa34271791124189cd4d31738fc3d, type: 3}
      propertyPath: m_LocalEulerAnglesHint.y
      value: 0
      objectReference: {fileID: 0}
    - target: {fileID: 9186817464977815025, guid: 950fa34271791124189cd4d31738fc3d, type: 3}
      propertyPath: m_LocalEulerAnglesHint.z
      value: 0
      objectReference: {fileID: 0}
    m_RemovedComponents: []
  m_SourcePrefab: {fileID: 100100000, guid: 950fa34271791124189cd4d31738fc3d, type: 3}
--- !u!1001 &2054028244224069149
PrefabInstance:
  m_ObjectHideFlags: 0
  serializedVersion: 2
  m_Modification:
    m_TransformParent: {fileID: 0}
    m_Modifications:
    - target: {fileID: 2054028243789902657, guid: 648f350c3f01ea94983dfcd9b0f5e56a, type: 3}
      propertyPath: m_RootOrder
      value: 9
      objectReference: {fileID: 0}
    - target: {fileID: 2054028243789902657, guid: 648f350c3f01ea94983dfcd9b0f5e56a, type: 3}
      propertyPath: m_LocalPosition.x
      value: 0
      objectReference: {fileID: 0}
    - target: {fileID: 2054028243789902657, guid: 648f350c3f01ea94983dfcd9b0f5e56a, type: 3}
      propertyPath: m_LocalPosition.y
      value: 0.97
      objectReference: {fileID: 0}
    - target: {fileID: 2054028243789902657, guid: 648f350c3f01ea94983dfcd9b0f5e56a, type: 3}
      propertyPath: m_LocalPosition.z
      value: 0
      objectReference: {fileID: 0}
    - target: {fileID: 2054028243789902657, guid: 648f350c3f01ea94983dfcd9b0f5e56a, type: 3}
      propertyPath: m_LocalRotation.w
      value: 1
      objectReference: {fileID: 0}
    - target: {fileID: 2054028243789902657, guid: 648f350c3f01ea94983dfcd9b0f5e56a, type: 3}
      propertyPath: m_LocalRotation.x
      value: 0
      objectReference: {fileID: 0}
    - target: {fileID: 2054028243789902657, guid: 648f350c3f01ea94983dfcd9b0f5e56a, type: 3}
      propertyPath: m_LocalRotation.y
      value: 0
      objectReference: {fileID: 0}
    - target: {fileID: 2054028243789902657, guid: 648f350c3f01ea94983dfcd9b0f5e56a, type: 3}
      propertyPath: m_LocalRotation.z
      value: 0
      objectReference: {fileID: 0}
    - target: {fileID: 2054028243789902657, guid: 648f350c3f01ea94983dfcd9b0f5e56a, type: 3}
      propertyPath: m_LocalEulerAnglesHint.x
      value: 0
      objectReference: {fileID: 0}
    - target: {fileID: 2054028243789902657, guid: 648f350c3f01ea94983dfcd9b0f5e56a, type: 3}
      propertyPath: m_LocalEulerAnglesHint.y
      value: 0
      objectReference: {fileID: 0}
    - target: {fileID: 2054028243789902657, guid: 648f350c3f01ea94983dfcd9b0f5e56a, type: 3}
      propertyPath: m_LocalEulerAnglesHint.z
      value: 0
      objectReference: {fileID: 0}
    - target: {fileID: 2054028243789902662, guid: 648f350c3f01ea94983dfcd9b0f5e56a, type: 3}
      propertyPath: HUD
      value: 
      objectReference: {fileID: 1853145115}
    - target: {fileID: 2054028243789902662, guid: 648f350c3f01ea94983dfcd9b0f5e56a, type: 3}
      propertyPath: NPC
      value: 
      objectReference: {fileID: 857892070753705638}
    - target: {fileID: 2054028243789902662, guid: 648f350c3f01ea94983dfcd9b0f5e56a, type: 3}
      propertyPath: Chef
      value: 
      objectReference: {fileID: 895134041}
    - target: {fileID: 2054028243789902662, guid: 648f350c3f01ea94983dfcd9b0f5e56a, type: 3}
      propertyPath: FoodStack
      value: 
      objectReference: {fileID: 3681299582664601091}
    - target: {fileID: 2054028243789902662, guid: 648f350c3f01ea94983dfcd9b0f5e56a, type: 3}
      propertyPath: PCButtons
      value: 
      objectReference: {fileID: 4023650234787290913}
    - target: {fileID: 2054028243789902662, guid: 648f350c3f01ea94983dfcd9b0f5e56a, type: 3}
      propertyPath: PSButtons
      value: 
      objectReference: {fileID: 1350304942}
    - target: {fileID: 2054028243789902662, guid: 648f350c3f01ea94983dfcd9b0f5e56a, type: 3}
      propertyPath: OrdersView
      value: 
      objectReference: {fileID: 482541444}
    - target: {fileID: 2054028243789902662, guid: 648f350c3f01ea94983dfcd9b0f5e56a, type: 3}
      propertyPath: XboxButtons
      value: 
      objectReference: {fileID: 842032037}
    - target: {fileID: 2054028243789902662, guid: 648f350c3f01ea94983dfcd9b0f5e56a, type: 3}
      propertyPath: GameOverPopup
      value: 
      objectReference: {fileID: 1233709291}
    - target: {fileID: 2054028243789902662, guid: 648f350c3f01ea94983dfcd9b0f5e56a, type: 3}
      propertyPath: ChachingParticles
      value: 
      objectReference: {fileID: 1460566730}
    - target: {fileID: 2054028243789902662, guid: 648f350c3f01ea94983dfcd9b0f5e56a, type: 3}
      propertyPath: IngredientLandingZoneScale
      value: 
      objectReference: {fileID: 640318247}
    - target: {fileID: 2054028243789902663, guid: 648f350c3f01ea94983dfcd9b0f5e56a, type: 3}
      propertyPath: m_Name
      value: GameController
      objectReference: {fileID: 0}
    m_RemovedComponents: []
  m_SourcePrefab: {fileID: 100100000, guid: 648f350c3f01ea94983dfcd9b0f5e56a, type: 3}
--- !u!114 &3681299582664601091 stripped
MonoBehaviour:
  m_CorrespondingSourceObject: {fileID: 3065998791303593118, guid: 950fa34271791124189cd4d31738fc3d, type: 3}
  m_PrefabInstance: {fileID: 1844795653162078877}
  m_PrefabAsset: {fileID: 0}
  m_GameObject: {fileID: 0}
  m_Enabled: 1
  m_EditorHideFlags: 0
  m_Script: {fileID: 11500000, guid: 7dcece96410807f4c8e70320ef57e699, type: 3}
  m_Name: 
  m_EditorClassIdentifier: 
--- !u!1001 &3867963067706851702
PrefabInstance:
  m_ObjectHideFlags: 0
  serializedVersion: 2
  m_Modification:
    m_TransformParent: {fileID: 0}
    m_Modifications:
    - target: {fileID: 3867963067619904193, guid: 76db5885f3368b144bc99fb14daa29b1, type: 3}
      propertyPath: m_RootOrder
      value: 8
      objectReference: {fileID: 0}
    - target: {fileID: 3867963067619904193, guid: 76db5885f3368b144bc99fb14daa29b1, type: 3}
      propertyPath: m_LocalPosition.x
      value: 0
      objectReference: {fileID: 0}
    - target: {fileID: 3867963067619904193, guid: 76db5885f3368b144bc99fb14daa29b1, type: 3}
      propertyPath: m_LocalPosition.y
      value: 0
      objectReference: {fileID: 0}
    - target: {fileID: 3867963067619904193, guid: 76db5885f3368b144bc99fb14daa29b1, type: 3}
      propertyPath: m_LocalPosition.z
      value: 0
      objectReference: {fileID: 0}
    - target: {fileID: 3867963067619904193, guid: 76db5885f3368b144bc99fb14daa29b1, type: 3}
      propertyPath: m_LocalRotation.w
      value: 1
      objectReference: {fileID: 0}
    - target: {fileID: 3867963067619904193, guid: 76db5885f3368b144bc99fb14daa29b1, type: 3}
      propertyPath: m_LocalRotation.x
      value: 0
      objectReference: {fileID: 0}
    - target: {fileID: 3867963067619904193, guid: 76db5885f3368b144bc99fb14daa29b1, type: 3}
      propertyPath: m_LocalRotation.y
      value: 0
      objectReference: {fileID: 0}
    - target: {fileID: 3867963067619904193, guid: 76db5885f3368b144bc99fb14daa29b1, type: 3}
      propertyPath: m_LocalRotation.z
      value: 0
      objectReference: {fileID: 0}
    - target: {fileID: 3867963067619904193, guid: 76db5885f3368b144bc99fb14daa29b1, type: 3}
      propertyPath: m_LocalEulerAnglesHint.x
      value: 0
      objectReference: {fileID: 0}
    - target: {fileID: 3867963067619904193, guid: 76db5885f3368b144bc99fb14daa29b1, type: 3}
      propertyPath: m_LocalEulerAnglesHint.y
      value: 0
      objectReference: {fileID: 0}
    - target: {fileID: 3867963067619904193, guid: 76db5885f3368b144bc99fb14daa29b1, type: 3}
      propertyPath: m_LocalEulerAnglesHint.z
      value: 0
      objectReference: {fileID: 0}
    - target: {fileID: 3867963067619904195, guid: 76db5885f3368b144bc99fb14daa29b1, type: 3}
      propertyPath: m_Name
      value: SFX
      objectReference: {fileID: 0}
    m_RemovedComponents: []
  m_SourcePrefab: {fileID: 100100000, guid: 76db5885f3368b144bc99fb14daa29b1, type: 3}
--- !u!1001 &3881472853164093679
PrefabInstance:
  m_ObjectHideFlags: 0
  serializedVersion: 2
  m_Modification:
    m_TransformParent: {fileID: 0}
    m_Modifications:
    - target: {fileID: 6189551186375086618, guid: 87ed8e986658a2f43aeaa3d522fa266d, type: 3}
      propertyPath: m_RootOrder
      value: 1
      objectReference: {fileID: 0}
    - target: {fileID: 6189551186375086618, guid: 87ed8e986658a2f43aeaa3d522fa266d, type: 3}
      propertyPath: m_LocalPosition.x
      value: 0
      objectReference: {fileID: 0}
    - target: {fileID: 6189551186375086618, guid: 87ed8e986658a2f43aeaa3d522fa266d, type: 3}
      propertyPath: m_LocalPosition.y
      value: 12.1
      objectReference: {fileID: 0}
    - target: {fileID: 6189551186375086618, guid: 87ed8e986658a2f43aeaa3d522fa266d, type: 3}
      propertyPath: m_LocalPosition.z
      value: -12.3
      objectReference: {fileID: 0}
    - target: {fileID: 6189551186375086618, guid: 87ed8e986658a2f43aeaa3d522fa266d, type: 3}
      propertyPath: m_LocalRotation.w
      value: 0.9226133
      objectReference: {fileID: 0}
    - target: {fileID: 6189551186375086618, guid: 87ed8e986658a2f43aeaa3d522fa266d, type: 3}
      propertyPath: m_LocalRotation.x
      value: 0.38572627
      objectReference: {fileID: 0}
    - target: {fileID: 6189551186375086618, guid: 87ed8e986658a2f43aeaa3d522fa266d, type: 3}
      propertyPath: m_LocalRotation.y
      value: -0
      objectReference: {fileID: 0}
    - target: {fileID: 6189551186375086618, guid: 87ed8e986658a2f43aeaa3d522fa266d, type: 3}
      propertyPath: m_LocalRotation.z
      value: -0
      objectReference: {fileID: 0}
    - target: {fileID: 6189551186375086618, guid: 87ed8e986658a2f43aeaa3d522fa266d, type: 3}
      propertyPath: m_LocalEulerAnglesHint.x
      value: 0
      objectReference: {fileID: 0}
    - target: {fileID: 6189551186375086618, guid: 87ed8e986658a2f43aeaa3d522fa266d, type: 3}
      propertyPath: m_LocalEulerAnglesHint.y
      value: 0
      objectReference: {fileID: 0}
    - target: {fileID: 6189551186375086618, guid: 87ed8e986658a2f43aeaa3d522fa266d, type: 3}
      propertyPath: m_LocalEulerAnglesHint.z
      value: 0
      objectReference: {fileID: 0}
    - target: {fileID: 6189551186375086621, guid: 87ed8e986658a2f43aeaa3d522fa266d, type: 3}
      propertyPath: field of view
      value: 33.2
      objectReference: {fileID: 0}
    - target: {fileID: 6189551186375086623, guid: 87ed8e986658a2f43aeaa3d522fa266d, type: 3}
      propertyPath: m_Name
      value: Main Camera
      objectReference: {fileID: 0}
    m_RemovedComponents: []
  m_SourcePrefab: {fileID: 100100000, guid: 87ed8e986658a2f43aeaa3d522fa266d, type: 3}
--- !u!1001 &4023650234787290912
PrefabInstance:
  m_ObjectHideFlags: 0
  serializedVersion: 2
  m_Modification:
    m_TransformParent: {fileID: 0}
    m_Modifications:
    - target: {fileID: 421332166885476356, guid: 7398ed5f5742b944d9e1b3d72e98380c, type: 3}
      propertyPath: m_OnClick.m_PersistentCalls.m_Calls.Array.data[0].m_Target
      value: 
      objectReference: {fileID: 895134041}
    - target: {fileID: 421332166885476359, guid: 7398ed5f5742b944d9e1b3d72e98380c, type: 3}
      propertyPath: m_AnchorMax.y
      value: 0
      objectReference: {fileID: 0}
    - target: {fileID: 421332166885476359, guid: 7398ed5f5742b944d9e1b3d72e98380c, type: 3}
      propertyPath: m_AnchorMin.y
      value: 0
      objectReference: {fileID: 0}
    - target: {fileID: 421332166885476359, guid: 7398ed5f5742b944d9e1b3d72e98380c, type: 3}
      propertyPath: m_SizeDelta.x
      value: 0
      objectReference: {fileID: 0}
    - target: {fileID: 421332166885476359, guid: 7398ed5f5742b944d9e1b3d72e98380c, type: 3}
      propertyPath: m_AnchoredPosition.x
      value: 0
      objectReference: {fileID: 0}
    - target: {fileID: 421332166885476359, guid: 7398ed5f5742b944d9e1b3d72e98380c, type: 3}
      propertyPath: m_AnchoredPosition.y
      value: 0
      objectReference: {fileID: 0}
    - target: {fileID: 421332167020451482, guid: 7398ed5f5742b944d9e1b3d72e98380c, type: 3}
      propertyPath: m_AnchorMax.y
      value: 0
      objectReference: {fileID: 0}
    - target: {fileID: 421332167020451482, guid: 7398ed5f5742b944d9e1b3d72e98380c, type: 3}
      propertyPath: m_AnchorMin.y
      value: 0
      objectReference: {fileID: 0}
    - target: {fileID: 421332167020451482, guid: 7398ed5f5742b944d9e1b3d72e98380c, type: 3}
      propertyPath: m_AnchoredPosition.x
      value: 0
      objectReference: {fileID: 0}
    - target: {fileID: 421332167020451482, guid: 7398ed5f5742b944d9e1b3d72e98380c, type: 3}
      propertyPath: m_AnchoredPosition.y
      value: 0
      objectReference: {fileID: 0}
    - target: {fileID: 421332167126288220, guid: 7398ed5f5742b944d9e1b3d72e98380c, type: 3}
      propertyPath: m_AnchorMax.y
      value: 0
      objectReference: {fileID: 0}
    - target: {fileID: 421332167126288220, guid: 7398ed5f5742b944d9e1b3d72e98380c, type: 3}
      propertyPath: m_AnchorMin.y
      value: 0
      objectReference: {fileID: 0}
    - target: {fileID: 421332167126288220, guid: 7398ed5f5742b944d9e1b3d72e98380c, type: 3}
      propertyPath: m_SizeDelta.x
      value: 0
      objectReference: {fileID: 0}
    - target: {fileID: 421332167126288220, guid: 7398ed5f5742b944d9e1b3d72e98380c, type: 3}
      propertyPath: m_AnchoredPosition.x
      value: 0
      objectReference: {fileID: 0}
    - target: {fileID: 421332167126288220, guid: 7398ed5f5742b944d9e1b3d72e98380c, type: 3}
      propertyPath: m_AnchoredPosition.y
      value: 0
      objectReference: {fileID: 0}
    - target: {fileID: 421332167126288221, guid: 7398ed5f5742b944d9e1b3d72e98380c, type: 3}
      propertyPath: m_OnClick.m_PersistentCalls.m_Calls.Array.data[0].m_Target
      value: 
      objectReference: {fileID: 895134041}
    - target: {fileID: 421332167528771987, guid: 7398ed5f5742b944d9e1b3d72e98380c, type: 3}
      propertyPath: m_AnchorMax.y
      value: 0
      objectReference: {fileID: 0}
    - target: {fileID: 421332167528771987, guid: 7398ed5f5742b944d9e1b3d72e98380c, type: 3}
      propertyPath: m_AnchorMin.y
      value: 0
      objectReference: {fileID: 0}
    - target: {fileID: 421332167528771987, guid: 7398ed5f5742b944d9e1b3d72e98380c, type: 3}
      propertyPath: m_AnchoredPosition.x
      value: 0
      objectReference: {fileID: 0}
    - target: {fileID: 421332167528771987, guid: 7398ed5f5742b944d9e1b3d72e98380c, type: 3}
      propertyPath: m_AnchoredPosition.y
      value: 0
      objectReference: {fileID: 0}
    - target: {fileID: 421332167554374588, guid: 7398ed5f5742b944d9e1b3d72e98380c, type: 3}
      propertyPath: m_OnClick.m_PersistentCalls.m_Calls.Array.data[0].m_Target
      value: 
      objectReference: {fileID: 895134041}
    - target: {fileID: 421332167554374591, guid: 7398ed5f5742b944d9e1b3d72e98380c, type: 3}
      propertyPath: m_AnchorMax.y
      value: 0
      objectReference: {fileID: 0}
    - target: {fileID: 421332167554374591, guid: 7398ed5f5742b944d9e1b3d72e98380c, type: 3}
      propertyPath: m_AnchorMin.y
      value: 0
      objectReference: {fileID: 0}
    - target: {fileID: 421332167554374591, guid: 7398ed5f5742b944d9e1b3d72e98380c, type: 3}
      propertyPath: m_SizeDelta.x
      value: 0
      objectReference: {fileID: 0}
    - target: {fileID: 421332167554374591, guid: 7398ed5f5742b944d9e1b3d72e98380c, type: 3}
      propertyPath: m_AnchoredPosition.x
      value: 0
      objectReference: {fileID: 0}
    - target: {fileID: 421332167554374591, guid: 7398ed5f5742b944d9e1b3d72e98380c, type: 3}
      propertyPath: m_AnchoredPosition.y
      value: 0
      objectReference: {fileID: 0}
    - target: {fileID: 421332167975010848, guid: 7398ed5f5742b944d9e1b3d72e98380c, type: 3}
      propertyPath: m_AnchorMax.y
      value: 0
      objectReference: {fileID: 0}
    - target: {fileID: 421332167975010848, guid: 7398ed5f5742b944d9e1b3d72e98380c, type: 3}
      propertyPath: m_AnchorMin.y
      value: 0
      objectReference: {fileID: 0}
    - target: {fileID: 421332167975010848, guid: 7398ed5f5742b944d9e1b3d72e98380c, type: 3}
      propertyPath: m_SizeDelta.x
      value: 0
      objectReference: {fileID: 0}
    - target: {fileID: 421332167975010848, guid: 7398ed5f5742b944d9e1b3d72e98380c, type: 3}
      propertyPath: m_AnchoredPosition.x
      value: 0
      objectReference: {fileID: 0}
    - target: {fileID: 421332167975010848, guid: 7398ed5f5742b944d9e1b3d72e98380c, type: 3}
      propertyPath: m_AnchoredPosition.y
      value: 0
      objectReference: {fileID: 0}
    - target: {fileID: 421332167975010849, guid: 7398ed5f5742b944d9e1b3d72e98380c, type: 3}
      propertyPath: m_OnClick.m_PersistentCalls.m_Calls.Array.data[0].m_Target
      value: 
      objectReference: {fileID: 895134041}
    - target: {fileID: 421332168126078496, guid: 7398ed5f5742b944d9e1b3d72e98380c, type: 3}
      propertyPath: m_OnClick.m_PersistentCalls.m_Calls.Array.data[0].m_Target
      value: 
      objectReference: {fileID: 895134041}
    - target: {fileID: 421332168126078499, guid: 7398ed5f5742b944d9e1b3d72e98380c, type: 3}
      propertyPath: m_AnchorMax.y
      value: 0
      objectReference: {fileID: 0}
    - target: {fileID: 421332168126078499, guid: 7398ed5f5742b944d9e1b3d72e98380c, type: 3}
      propertyPath: m_AnchorMin.y
      value: 0
      objectReference: {fileID: 0}
    - target: {fileID: 421332168126078499, guid: 7398ed5f5742b944d9e1b3d72e98380c, type: 3}
      propertyPath: m_SizeDelta.x
      value: 0
      objectReference: {fileID: 0}
    - target: {fileID: 421332168126078499, guid: 7398ed5f5742b944d9e1b3d72e98380c, type: 3}
      propertyPath: m_AnchoredPosition.x
      value: 0
      objectReference: {fileID: 0}
    - target: {fileID: 421332168126078499, guid: 7398ed5f5742b944d9e1b3d72e98380c, type: 3}
      propertyPath: m_AnchoredPosition.y
      value: 0
      objectReference: {fileID: 0}
    - target: {fileID: 421332168455783648, guid: 7398ed5f5742b944d9e1b3d72e98380c, type: 3}
      propertyPath: m_Pivot.x
      value: 0
      objectReference: {fileID: 0}
    - target: {fileID: 421332168455783648, guid: 7398ed5f5742b944d9e1b3d72e98380c, type: 3}
      propertyPath: m_Pivot.y
      value: 0
      objectReference: {fileID: 0}
    - target: {fileID: 421332168455783648, guid: 7398ed5f5742b944d9e1b3d72e98380c, type: 3}
      propertyPath: m_RootOrder
      value: 6
      objectReference: {fileID: 0}
    - target: {fileID: 421332168455783648, guid: 7398ed5f5742b944d9e1b3d72e98380c, type: 3}
      propertyPath: m_AnchorMax.x
      value: 0
      objectReference: {fileID: 0}
    - target: {fileID: 421332168455783648, guid: 7398ed5f5742b944d9e1b3d72e98380c, type: 3}
      propertyPath: m_AnchorMax.y
      value: 0
      objectReference: {fileID: 0}
    - target: {fileID: 421332168455783648, guid: 7398ed5f5742b944d9e1b3d72e98380c, type: 3}
      propertyPath: m_AnchorMin.x
      value: 0
      objectReference: {fileID: 0}
    - target: {fileID: 421332168455783648, guid: 7398ed5f5742b944d9e1b3d72e98380c, type: 3}
      propertyPath: m_AnchorMin.y
      value: 0
      objectReference: {fileID: 0}
    - target: {fileID: 421332168455783648, guid: 7398ed5f5742b944d9e1b3d72e98380c, type: 3}
      propertyPath: m_SizeDelta.x
      value: 0
      objectReference: {fileID: 0}
    - target: {fileID: 421332168455783648, guid: 7398ed5f5742b944d9e1b3d72e98380c, type: 3}
      propertyPath: m_SizeDelta.y
      value: 0
      objectReference: {fileID: 0}
    - target: {fileID: 421332168455783648, guid: 7398ed5f5742b944d9e1b3d72e98380c, type: 3}
      propertyPath: m_LocalPosition.x
      value: 0
      objectReference: {fileID: 0}
    - target: {fileID: 421332168455783648, guid: 7398ed5f5742b944d9e1b3d72e98380c, type: 3}
      propertyPath: m_LocalPosition.y
      value: 0
      objectReference: {fileID: 0}
    - target: {fileID: 421332168455783648, guid: 7398ed5f5742b944d9e1b3d72e98380c, type: 3}
      propertyPath: m_LocalPosition.z
      value: 0
      objectReference: {fileID: 0}
    - target: {fileID: 421332168455783648, guid: 7398ed5f5742b944d9e1b3d72e98380c, type: 3}
      propertyPath: m_LocalRotation.w
      value: 1
      objectReference: {fileID: 0}
    - target: {fileID: 421332168455783648, guid: 7398ed5f5742b944d9e1b3d72e98380c, type: 3}
      propertyPath: m_LocalRotation.x
      value: 0
      objectReference: {fileID: 0}
    - target: {fileID: 421332168455783648, guid: 7398ed5f5742b944d9e1b3d72e98380c, type: 3}
      propertyPath: m_LocalRotation.y
      value: 0
      objectReference: {fileID: 0}
    - target: {fileID: 421332168455783648, guid: 7398ed5f5742b944d9e1b3d72e98380c, type: 3}
      propertyPath: m_LocalRotation.z
      value: 0
      objectReference: {fileID: 0}
    - target: {fileID: 421332168455783648, guid: 7398ed5f5742b944d9e1b3d72e98380c, type: 3}
      propertyPath: m_AnchoredPosition.x
      value: 0
      objectReference: {fileID: 0}
    - target: {fileID: 421332168455783648, guid: 7398ed5f5742b944d9e1b3d72e98380c, type: 3}
      propertyPath: m_AnchoredPosition.y
      value: 0
      objectReference: {fileID: 0}
    - target: {fileID: 421332168455783648, guid: 7398ed5f5742b944d9e1b3d72e98380c, type: 3}
      propertyPath: m_LocalEulerAnglesHint.x
      value: 0
      objectReference: {fileID: 0}
    - target: {fileID: 421332168455783648, guid: 7398ed5f5742b944d9e1b3d72e98380c, type: 3}
      propertyPath: m_LocalEulerAnglesHint.y
      value: 0
      objectReference: {fileID: 0}
    - target: {fileID: 421332168455783648, guid: 7398ed5f5742b944d9e1b3d72e98380c, type: 3}
      propertyPath: m_LocalEulerAnglesHint.z
      value: 0
      objectReference: {fileID: 0}
    - target: {fileID: 421332168455783652, guid: 7398ed5f5742b944d9e1b3d72e98380c, type: 3}
      propertyPath: m_Name
      value: Main Canvas
      objectReference: {fileID: 0}
    m_RemovedComponents: []
  m_SourcePrefab: {fileID: 100100000, guid: 7398ed5f5742b944d9e1b3d72e98380c, type: 3}
--- !u!114 &4023650234787290913 stripped
MonoBehaviour:
  m_CorrespondingSourceObject: {fileID: 7431745250310076983, guid: 7398ed5f5742b944d9e1b3d72e98380c, type: 3}
  m_PrefabInstance: {fileID: 4023650234787290912}
  m_PrefabAsset: {fileID: 0}
  m_GameObject: {fileID: 0}
  m_Enabled: 1
  m_EditorHideFlags: 0
  m_Script: {fileID: 11500000, guid: 9e8817e7bcaf641b3ab4edf49a77da43, type: 3}
  m_Name: 
  m_EditorClassIdentifier: 
--- !u!1001 &5378899490353800258
PrefabInstance:
  m_ObjectHideFlags: 0
  serializedVersion: 2
  m_Modification:
    m_TransformParent: {fileID: 0}
    m_Modifications:
    - target: {fileID: 5378899490030722368, guid: 28560b22362117e41b235bae731a86ab, type: 3}
      propertyPath: FoodStack
      value: 
      objectReference: {fileID: 3681299582664601091}
    - target: {fileID: 5378899490030722368, guid: 28560b22362117e41b235bae731a86ab, type: 3}
      propertyPath: IngredientLandingZone
      value: 
      objectReference: {fileID: 1257503557}
    - target: {fileID: 5378899490030722371, guid: 28560b22362117e41b235bae731a86ab, type: 3}
      propertyPath: m_Name
      value: Chef
      objectReference: {fileID: 0}
    - target: {fileID: 5378899490030722372, guid: 28560b22362117e41b235bae731a86ab, type: 3}
      propertyPath: m_RootOrder
      value: 5
      objectReference: {fileID: 0}
    - target: {fileID: 5378899490030722372, guid: 28560b22362117e41b235bae731a86ab, type: 3}
      propertyPath: m_LocalPosition.x
      value: 0
      objectReference: {fileID: 0}
    - target: {fileID: 5378899490030722372, guid: 28560b22362117e41b235bae731a86ab, type: 3}
      propertyPath: m_LocalPosition.y
      value: 0
      objectReference: {fileID: 0}
    - target: {fileID: 5378899490030722372, guid: 28560b22362117e41b235bae731a86ab, type: 3}
      propertyPath: m_LocalPosition.z
      value: 1.12
      objectReference: {fileID: 0}
    - target: {fileID: 5378899490030722372, guid: 28560b22362117e41b235bae731a86ab, type: 3}
      propertyPath: m_LocalRotation.w
      value: 1
      objectReference: {fileID: 0}
    - target: {fileID: 5378899490030722372, guid: 28560b22362117e41b235bae731a86ab, type: 3}
      propertyPath: m_LocalRotation.x
      value: 0
      objectReference: {fileID: 0}
    - target: {fileID: 5378899490030722372, guid: 28560b22362117e41b235bae731a86ab, type: 3}
      propertyPath: m_LocalRotation.y
      value: 0
      objectReference: {fileID: 0}
    - target: {fileID: 5378899490030722372, guid: 28560b22362117e41b235bae731a86ab, type: 3}
      propertyPath: m_LocalRotation.z
      value: 0
      objectReference: {fileID: 0}
    - target: {fileID: 5378899490030722372, guid: 28560b22362117e41b235bae731a86ab, type: 3}
      propertyPath: m_LocalEulerAnglesHint.x
      value: 0
      objectReference: {fileID: 0}
    - target: {fileID: 5378899490030722372, guid: 28560b22362117e41b235bae731a86ab, type: 3}
      propertyPath: m_LocalEulerAnglesHint.y
      value: 0
      objectReference: {fileID: 0}
    - target: {fileID: 5378899490030722372, guid: 28560b22362117e41b235bae731a86ab, type: 3}
      propertyPath: m_LocalEulerAnglesHint.z
      value: 0
      objectReference: {fileID: 0}
    m_RemovedComponents: []
  m_SourcePrefab: {fileID: 100100000, guid: 28560b22362117e41b235bae731a86ab, type: 3}
--- !u!1001 &7451457938626180303
PrefabInstance:
  m_ObjectHideFlags: 0
  serializedVersion: 2
  m_Modification:
    m_TransformParent: {fileID: 0}
    m_Modifications:
    - target: {fileID: 1323049666, guid: e09b493c61b4ab540bf7aa52fdad9d8d, type: 3}
      propertyPath: m_camera
      value: 
      objectReference: {fileID: 558812950}
    - target: {fileID: 1393532387108014491, guid: e09b493c61b4ab540bf7aa52fdad9d8d, type: 3}
      propertyPath: m_RootOrder
      value: 4
      objectReference: {fileID: 0}
    - target: {fileID: 1393532387108014491, guid: e09b493c61b4ab540bf7aa52fdad9d8d, type: 3}
      propertyPath: m_LocalPosition.x
      value: 0
      objectReference: {fileID: 0}
    - target: {fileID: 1393532387108014491, guid: e09b493c61b4ab540bf7aa52fdad9d8d, type: 3}
      propertyPath: m_LocalPosition.y
      value: 0
      objectReference: {fileID: 0}
    - target: {fileID: 1393532387108014491, guid: e09b493c61b4ab540bf7aa52fdad9d8d, type: 3}
      propertyPath: m_LocalPosition.z
      value: 0
      objectReference: {fileID: 0}
    - target: {fileID: 1393532387108014491, guid: e09b493c61b4ab540bf7aa52fdad9d8d, type: 3}
      propertyPath: m_LocalRotation.w
      value: 0
      objectReference: {fileID: 0}
    - target: {fileID: 1393532387108014491, guid: e09b493c61b4ab540bf7aa52fdad9d8d, type: 3}
      propertyPath: m_LocalRotation.x
      value: 0
      objectReference: {fileID: 0}
    - target: {fileID: 1393532387108014491, guid: e09b493c61b4ab540bf7aa52fdad9d8d, type: 3}
      propertyPath: m_LocalRotation.y
      value: 1
      objectReference: {fileID: 0}
    - target: {fileID: 1393532387108014491, guid: e09b493c61b4ab540bf7aa52fdad9d8d, type: 3}
      propertyPath: m_LocalRotation.z
      value: 0
      objectReference: {fileID: 0}
    - target: {fileID: 1393532387108014491, guid: e09b493c61b4ab540bf7aa52fdad9d8d, type: 3}
      propertyPath: m_LocalEulerAnglesHint.x
      value: 0
      objectReference: {fileID: 0}
    - target: {fileID: 1393532387108014491, guid: e09b493c61b4ab540bf7aa52fdad9d8d, type: 3}
      propertyPath: m_LocalEulerAnglesHint.y
      value: 180
      objectReference: {fileID: 0}
    - target: {fileID: 1393532387108014491, guid: e09b493c61b4ab540bf7aa52fdad9d8d, type: 3}
      propertyPath: m_LocalEulerAnglesHint.z
      value: 0
      objectReference: {fileID: 0}
    - target: {fileID: 1393532387108014495, guid: e09b493c61b4ab540bf7aa52fdad9d8d, type: 3}
      propertyPath: m_Name
      value: Player
      objectReference: {fileID: 0}
    m_RemovedComponents: []
  m_SourcePrefab: {fileID: 100100000, guid: e09b493c61b4ab540bf7aa52fdad9d8d, type: 3}
